@misc{rubyhttps,
  title = "Ruby Docs; HTTPS",
  howpublished = "\url{http://ruby-doc.org/stdlib-2.1.1/libdoc/webrick/rdoc/WEBrick.html#module-WEBrick-label-HTTPS}"
}

@misc{rubyopenssl,
  title = "Ruby Docs; OpenSSL",
  howpublished = "\url{http://ruby-doc.org/stdlib-2.1.1/libdoc/webrick/rdoc/WEBrick.html#module-WEBrick-label-HTTPS}"
}

@misc{certificate,
  title = "Self-signing SSL",
  howpublished = "\url{http://www.akadia.com/services/ssh_test_certificate.html}"
}

@misc{kerberos,
  title = "Kerberos",
  howpublished = "\url{http://web.mit.edu/kerberos/}"
}

@misc{PGP,
  title = "Pretty Good Privacy",
  howpublished = "\url{http://www.pgpi.org/doc/pgpintro/}"
}

@misc{SSH,
  title = "Secure Shell",
  howpublished = "\url{http://www.openssh.com/}"
}